@inproceedings{XSS1,
    author = {Mike Ter Louw and V. N. Venkatakrishnan},
    title = {Blueprint: Robust Prevention of Cross-site Scripting Attacks for Existing Browsers},
    booktitle={{30th IEEE Symposium on Security and Privacy}},
    year = {2009}
}

@inproceedings{Kudzu,
author = {Prateek Saxena and Devdatta Akhawe and Steve Hanna and Feng Mao and Stephen McCamant and Dawn Song},
title = {{A Symbolic Execution Framework for JavaScript}},
booktitle = {Proceedings of the 31st IEEE Symposium on Security and Privacy},
year = {2010}
}

@PhdThesis{CBI,
  author =	 {Benjamin Robert Liblit},
  title =	 {Cooperative Bug Isolation},
  school =	 {University of California, Berkeley},
  year =	 2004,
  month =	 dec
}
@inproceedings{Ghost,
  author = {Niels Provos and Dean McNamee and Panayiotis Mavrommatis and Ke Wang and Nagendra Modadugu},
  title = {The Ghost In The Browser Analysis of Web-based Malware},
  booktitle = {Proceedings of the first conference on First Workshop on Hot Topics in Understanding Botnets},
  year = {2007}
}
@inproceedings{Http-only,
    author = {Yuchen Zhou and David Evans},
    title = {Why Arenâ€™t HTTP-only Cookies More Widely Deployed?},
    booktitle = {{Web 2.0 Security and Privacy, IEEE Security and Privacy workshop}},
    year = {2010}
}
@inproceedings{MashupOS,
 author = {Wang, Helen J. and Fan, Xiaofeng and Howell, Jon and Jackson, Collin},
 title = {{Protection and Communication Abstractions for Web Browsers in MashupOS}},
 booktitle = {{21st ACM SIGOPS Symposium on Operating Systems Principles}},
 year = {2007},
 }
@inproceedings{ESCUDO,
 author = {Jayaraman, Karthick and Du, Wenliang and Rajagopalan, Balamurugan and Chapin, Steve J.},
 title = {{ESCUDO: A Fine-Grained Protection Model for Web Browsers}},
 booktitle = {{Proceedings of the 30th IEEE International Conference on Distributed Computing Systems}},
 year = {2010},
} 
@inproceedings{Beep,
 author = {Jim, Trevor and Swamy, Nikhil and Hicks, Michael},
 title = {{Defeating Script Injection Attacks with Browser-Enforced Embedded Policies}},
 booktitle = {{Proceedings of the 16th International Conference on World Wide Web}},
 year = {2007}
} 
@inproceedings{JCShadow,
 author = {Kailas Patil and Xinshu Dong and Xiaolei Li and Zhenkai Liang and Xuxian Jiang},
 title = {{Towards Fine-Grained Access Control in JavaScript Contexts}},
 booktitle = {{2011 International Conference on Distributed Computing Systems}},
 year = {2011}
}
@inproceedings{Zhou-ESORICS,
 author = {Yuchen Zhou and David Evans},
 title = {{Protecting Private Web Content From Embedded Scripts}},
 booktitle = {{16th European Symposium On Research In Computer Security}},
 year = {2011}
}
@inproceedings{OMash,
 author = {Crites, Steven and Hsu, Francis and Chen, Hao},
 title ={{OMash: Enabling Secure Web Mashups via Object Abstractions}},
 booktitle = {{Proceedings of the 15th ACM Conference on Computer and Communications Security}},
 year = {2008}
}
@inproceedings{Adjail,
 author = {Louw, Mike Ter and Ganesh, Karthik Thotta and Venkatakrishnan, V. N.},
 title = {{AdJail: Practical Enforcement of Confidentiality and Integrity Policies on Web Advertisements}},
 booktitle = {{Proceedings of the 19th USENIX Security Symposium}},
 year = {2010},
}
@Misc{JSPrivateVar,
 author = {Douglas Crawford},
 title = {{Private Members in JavaScript}},
 howPublished ={\url{http://javascript.crockford.com/private.html}}
}
@MISC{DOMSpec,
  author = {{W3C}},
  howpublished = {\url{http://www.w3.org/DOM/DOMTR}},
  title = {{Document Object Model (DOM) Technical Reports}},
}
@inproceedings{COL,
    author = {Adam Barth and Joel Weinberger and Dawn Song},
    title = {Cross-Origin JavaScript Capability Leaks: Detection, Exploitation, and Defense},
    booktitle={{18th USENIX Security Symposium (USENIX Security)}},
    year = {2009}
}
@InProceedings{Liblit:2003:BIRPS,
  author = {Ben Liblit and Alex Aiken and Alice X. Zheng and Michael I. Jordan},
  title =	{{Bug Isolation via Remote Program Sampling}},
  booktitle = {Proceedings of the 24th ACM SIGPLAN Conference on Programming Language Design and Implementation},
  year = {2003}
}

@inproceedings{Liblit:2004:PDCBI,
  author = {Ben Liblit and Mayur Naik and Alice X. Zheng and Alex Aiken and Michael I. Jordan},
  title =	{{Public Deployment of Cooperative Bug Isolation}},
  booktitle = {Proceedings of the 2nd International Workshop on Remote Analysis and Measurement of Software Systems},
  year = {2004}
}

@InProceedings{Liblit:2003:SUEBI,
  author = {Ben Liblit and Alex Aiken and Alice X. Zheng and Michael I. Jordan},
  title =	{{Sampling User Executions for Bug Isolation}},
  booktitle =	{Proceedings of the first International Workshop on Remote Analysis and Measurement of Software Systems},
  year = {2003}
}

@inproceedings{PFS,
 title = {{Privately Finding Specifications}},
 year = {2008},
 author = {{Westley Weimer and Nina Mishra}},
 booktitle = {{IEEE Transaction on Software Engineering}}
}

@inproceedings{StatDebug,
 title = {{Statistical Debugging: A Hypothesis Testing-Based Approach}},
 year = {2006},
 author = {Chao Liu and Long Fei and Xifeng Yan and Jiawei Han and Samuel P. Midkiff},
 booktitle = {{IEEE Transaction on Software Engineering}}
}

@inproceedings{GuardRails,
 title = {{GuardRails: a data-centric web application security framework}},
 year = {2011},
 author = {Jonathan Burket and Patrick Mutchler and Michael Weaver and Muzzammil Zaveri and David Evans},
 booktitle = {{Proceedings of the 2nd USENIX conference on Web application development}},
}
@misc{Proxino,
 title = {{Proxino: Optimize and monitor your JavaScript}},
 author = {Ethan Fast and Muzzammil Zaveri},
 howPublished = {\url{https://www.proxino.com/}}
}
@inproceedings{GuardRailsPoster,
 title = {{Unifying Data Policies Across the Client and Server}},
 author = {Jonathan Burket and Jenny Cha and Austin DeVinney and Casey Mihaloew and Yuchen Zhou and David Evans},
 year = {2011},
 booktitle = {{Poster session of the 20th USENIX Security Symposium (USENIX Security)}}
}
@misc{Caja,
author = {Mark S. Miller and Mike Samuel and Ben Laurie and Ihab Awad and Mike Stay},
title = {{Caja: Safe Active Content in Sanitized Javascript}},
howpublished = {\url{google-caja.googlecode.com/files/caja-spec-2008-01-15.pdf}},
year = {2007},
}
@misc{Adsafe,
author = {Douglas Crockford},
title = {{ADsafe: Making JavaScript Safe for Advertising}},
year = {2007},
howpublished = {\url{www.adsafe.org}},
}
@misc{Selenium,
 title = {{Selenium: Web application testing system}},
 author = {Selenium development team},
 howPublished = {\url{https://selenium.org/}}
}
@misc{Dasient,
 title = {{Dasient: Smart Web Security}},
 author = {Neil Daswani},
 howPublished = {\url{http://blog.dasient.com}}
}
@misc{GrossmanQuote,
 title = {{Web 2.0 Pivot Attacks}},
 author = {Jeremiah Grossman},
 howPublished = {\url{http://jeremiahgrossman.blogspot.com/2010/02/web-20-pivot-attacks.html}}
}
@inproceedings{ZhangShasha,
title = {{Fast algorithms for the unit cost editing distance between trees}},
author = {Shasha Dennis and Zhang Kaizhong},
year = {1990},
booktitle = {{Journal of Algorithms}}
}
@inproceedings{ZhaiLiu,
title = {{Web data extraction based on partial tree alignment}},
author = {Zhai, Yanhong and Liu, Bing},
year = {2005},
booktitle = {{Proceedings of the 14th international conference on World Wide Web}}
}
@inproceedings{Yang,
title = {{Identifying syntactic differences between two programs}},
author = {Wuu Yang},
year = {1991},
booktitle = {{Software Practice and Experience}}
}
@misc{BuiltWith,
 title = {{BuiltWith Web Technology Usage Statistics}},
 author = {BuiltWith Trends},
 howPublished = {\url{http://trends.builtwith.com/}}
}
@inproceedings{FLAX,
title = {{FLAX: Systematic Discovery of Client-side Validation Vulnerabilities in Rich Web Applications}},
author = {Prateek Saxena and Steve Hanna and Pongsin Poosankam and Dawn Song},
year = {2010},
booktitle = {{Proceedings of the 17th Network and Distributed System Security Symposium}}
}

@InProceedings{GateKeeper,
  title = {{Gatekeeper: Mostly Static Enforcement of Security and Reliability Policies for JavaScript Code}},
  author  = {Salvatore Guarnieri and Benjamin Livshits},
  year = {2009},
  booktitle = {Proceedings of the 18th USENIX Security Symposium}
}

@misc{MozDev,
 title = {{Mozilla Development Network}},
 author = {Mozilla Development Community},
 howpublished = {\url{https://developer.mozilla.org/en-US/}}
}

@inproceedings{ADSafety,
 author = {Politz, Joe Gibbs and Eliopoulos, Spiridon Aristides and Guha, Arjun and Krishnamurthi, Shriram},
 title = {{ADsafety: Type-Based Verification of JavaScript Sandboxing}},
 booktitle = {Proceedings of the 20th USENIX Security Symposium},
 year = {2011},
} 

@misc{FBJS,
author = {Facebook},
title = {{Facebook JavaScript}},
howpublished = {\url{https://developers.facebook.com/docs/fbjs}}
}

@misc{Firebug,
author = {Mozilla},
title = {{Firebug: Web Development Evolved}},
howpublished = {\url{http://getfirebug.com}},
}

@inproceedings{VTable,
author = {David Dewey and Jonathon Griffin},
title = {{Static Detection of C++ VTable Escape Vulnerabilities in Binary Code}},
year = {2012},
booktitle = {{Proceedings of the 19th Network and Distributed System Security Symposium}},
}

@inproceedings{avgerinos:2011,
author = {Thanassis Avgerinos and Sang Kil Cha and Brent Lim Tze Hao and David Brumley},
title = {{AEG: Automatic Exploit Generation}},
booktitle = {Proceedings of the 18th Network and Distributed System Security Symposium},
year = {2011}
}

@inproceedings{Sen:2005:CCU:1081706.1081750,
 author = {Sen, Koushik and Marinov, Darko and Agha, Gul},
 title = {{CUTE: A Concolic Unit Testing Engine for C}},
 booktitle = {Proceedings of the 10th European Software Engineering Conference},
 year = {2005},
} 

@inproceedings{Cho:2011:MMC:2028067.2028077,
 author = {Cho, Chia Yuan and Babi\'{c}, Domagoj and Poosankam, Pongsin and Chen, Kevin Zhijie and Wu, Edward XueJun and Song, Dawn},
 title = {{MACE: Model-Inference-Assisted Concolic Exploration for Protocol and Vulnerability Discovery}},
 booktitle = {Proceedings of the 20th USENIX Security Symposium},
 year = {2011}
} 

@inproceedings{Wang:2010:TCD:1849417.1849993,
 author = {Wang, Tielei and Wei, Tao and Gu, Guofei and Zou, Wei},
 title = {{TaintScope: A Checksum-Aware Directed Fuzzing Tool for Automatic Software Vulnerability Detection}},
 booktitle = {{Proceedings of the 31st IEEE Symposium on Security and Privacy}},
 year = {2010},
} 

@inproceedings{Felmetsger:2010:TAD:1929820.1929834,
 author = {Felmetsger, Viktoria and Cavedon, Ludovico and Kruegel, Christopher and Vigna, Giovanni},
 title = {{Toward Automated Detection of Logic Vulnerabilities in Web Applications}},
 booktitle = {{Proceedings of the 19th USENIX Security Symposium}},
 year = {2010},
} 

@techreport{ErnstGKN99,
   author = {Michael D. Ernst and William G. Griswold and Yoshio Kataoka and David Notkin},
   title = {{Dynamically Discovering Pointer-Based Program Invariants}},
   institution = {University of Washington Department of Computer Science
	and Engineering},
   number = {UW-CSE-99-11-02},
   year = {1999},
}

@phdthesis{Ernst2000:PhD,
   author = {Michael D. Ernst},
   title = {{Dynamically Discovering Likely Program Invariants}},
   school = {University of Washington Department of Computer Science and
	Engineering},
   year = {2000}
}

@inproceedings{ErnstCGN2001:TSE,
 author = {Ernst, Michael D. and Cockrell, Jake and Griswold, William G. and Notkin, David},
 title = {{Dynamically Discovering Likely Program Invariants to Support Program Evolution}},
 booktitle = {Proceedings of the 21st International Conference on Software Engineering},
 year = {1999}
} 

@inproceedings{Integuard,
 title = {{InteGuard: Toward Automatic Protection of Third-Party Web Service Integrations}},
 author = {Xing, Luyi and Chen, Yangyi and Wang, Xiaofeng and Chen, Shuo},
 booktitle = {Proceedings of the 20th Network and Distributed System Security Symposium},
 year = {2013}
}

@inproceedings{AuthScan,
 title = {{AuthScan: Automatic Extraction of Web Authentication Protocols from Implementations}},
 author = {Bai, Guangdong and Lei, Jike and Meng, Guozhu and Venkatraman, Sai Sathyanarayan and Saxena, Prateek and Suny, Jun and Liuz, Yang and Dong, Jin Song},
 booktitle = {Proceedings of the 20th Network and Distributed System Security Symposium},
 year = {2013}
}

@inproceedings{Doupe:2012:ESS:2362793.2362819,
 author = {Doup{\'e}, Adam and Cavedon, Ludovico and Kruegel, Christopher and Vigna, Giovanni},
 title = {{Enemy of the State: A State-Aware Black-Box Web Vulnerability Scanner}},
 booktitle = {Proceedings of the 21st USENIX Security Symposium},
 year = {2012}
} 

@inproceedings{Bandhakavi:2011:VBE:1995376.1995398,
 author = {Bandhakavi, Sruthi and Tiku, Nandit and Pittman, Wyatt and King, Samuel T. and Madhusudan, P. and Winslett, Marianne},
 title = {{Vetting Browser Extensions for Security Vulnerabilities with VEX}},
 booktitle = {Proceedings of the 19th USENIX Security Symposium},
 year = {2010}
} 

@inproceedings{Xie:2006:SDS:1267336.1267349,
 author = {Xie, Yichen and Aiken, Alex},
 title = {Static detection of security vulnerabilities in scripting languages},
 booktitle = {Proceedings of the 15th USENIX Security Symposium},
 year = {2006}
} 

@inproceedings{DBLP:conf:ndss:Sekar09,
  author    = {R. Sekar},
  title     = {{An Efficient Black-box Technique for Defeating Web Application Attacks}},
  booktitle = {Proceedings of the 16th Network and Distributed System Security Symposium},
  year      = {2009},
}

@inproceedings{Sun:2012:DDE:2382196.2382238,
 author = {Sun, San-Tsai and Beznosov, Konstantin},
 title = {{The Devil is in the (Implementation) Details: An Empirical Analysis of OAuth SSO Systems}},
 booktitle = {Proceedings of the 39th ACM Conference on Computer and Communications Security},
 year = {2012},
} 

@INPROCEEDINGS{6266164, 
author={Bansal, C. and Bhargavan, K. and Maffeis, S.}, 
booktitle={Proceedings of the 25th Computer Security Foundations Symposium}, 
title={{Discovering Concrete Attacks on Website Authorization by Formal Analysis}}, 
year={2012}
}

@INPROCEEDINGS{5966531, 
author={Pai, S. and Sharma, Y. and Kumar, S. and Pai, R.M. and Singh, S.}, 
booktitle={Proceedings of the first International Conference on Communication Systems and Network Technologies}, 
title={{Formal Verification of OAuth 2.0 Using Alloy Framework}}, 
year={2011}
}

@inproceedings{Wang:2011:SFO:2006077.2006782,
 author = {Wang, Rui and Chen, Shuo and Wang, XiaoFeng and Qadeer, Shaz},
 title = {{How to Shop for Free Online -- Security Analysis of Cashier-as-a-Service Based Web Stores}},
 booktitle = {Proceedings of the 32nd IEEE Symposium on Security and Privacy},
 year = {2011},
} 

@inproceedings{Wang:2012:SMY:2310656.2310691,
 author = {Wang, Rui and Chen, Shuo and Wang, XiaoFeng},
 title = {{Signing Me onto Your Accounts through Facebook and Google: A Traffic-Guided Security Study of Commercially Deployed Single-Sign-On Web Services}},
 booktitle = {Proceedings of the 33rd IEEE Symposium on Security and Privacy},
 year = {2012},
} 

@INPROCEEDINGS{BlanchetCSFW01,
  AUTHOR = {Bruno Blanchet},
  TITLE = {An {E}fficient {C}ryptographic {P}rotocol {V}erifier {B}ased on {P}rolog {R}ules},
  BOOKTITLE = {Proceedings of the 14th IEEE Computer Security Foundations Workshop},
  YEAR = 2001
}

@inproceedings{Ball:2006:TSA:1217935.1217943,
 author = {Ball, Thomas and Bounimova, Ella and Cook, Byron and Levin, Vladimir and Lichtenberg, Jakob and McGarvey, Con and Ondrusek, Bohus and Rajamani, Sriram K. and Ustuner, Abdullah},
 title = {{Thorough Static Analysis of Device Drivers}},
 booktitle = {Proceedings of the 1st ACM SIGOPS/EuroSys European Conference on Computer Systems},
 year = {2006}
} 

@inproceedings{Ball:2002:SLP:503272.503274,
 author = {Ball, Thomas and Rajamani, Sriram K.},
 title = {{The SLAM Project: Debugging System Software via Static Analysis}},
 booktitle = {Proceedings of the 29th ACM Symposium on Principles of Programming Languages},
 year = {2002}
} 

@misc{Alloy,
author = {{Daniel Jackson}},
title = {{Alloy: A Language and Tool for Relational Models.}},
howpublished = {\url{http://alloy.mit.edu/alloy/index.html}}
}

@inproceedings{Evans:1994:LTU:193173.195297,
 author = {Evans, David and Guttag, John and Horning, James and Tan, Yang Meng},
 title = {{LCLint: A Tool for Using Specifications to Check Code}},
 booktitle = {{Proceedings of the 2nd ACM SIGSOFT Symposium on Foundations of Software Engineering}},
 year = {1994}
} 

@article{Spinellis:2007:FSV:1244490.1244957,
 author = {Spinellis, Diomidis and Louridas, Panagiotis},
 title = {{A Framework for the Static Verification of API Calls}},
 journal = {Journal of System and Software},
 issue_date = {July, 2007},
 volume = {80},
 number = {7},
 month = jul,
 year = {2007},
 issn = {0164-1212},
 pages = {1156--1168},
 numpages = {13},
 url = {http://dx.doi.org/10.1016/j.jss.2006.09.040},
 doi = {10.1016/j.jss.2006.09.040},
 acmid = {1244957},
 publisher = {Elsevier Science Inc.},
 address = {New York, NY, USA},
 keywords = {FindBugs, Library, Programming by contract, Static analysis, api},
} 

@inproceedings{deAlfaro:2001:IA:503209.503226,
 author = {de Alfaro, Luca and Henzinger, Thomas A.},
 title = {{Interface Automata}},
 booktitle = {Proceedings of the 8th European Software Engineering Conference},
 year = {2001},
} 

@inproceedings{Beyer:2005:WSI:1060745.1060770,
 author = {Beyer, Dirk and Chakrabarti, Arindam and Henzinger, Thomas A.},
 title = {{Web Service Interfaces}},
 booktitle = {Proceedings of the 14th International Conference on World Wide Web},
 year = {2005}
} 

@inproceedings{Alur:2005:SIS:1040305.1040314,
 author = {Alur, Rajeev and \v{C}ern\'{y}, Pavol and Madhusudan, P. and Nam, Wonhong},
 title = {{Synthesis of Interface Specifications for Java Classes}},
 booktitle = {Proceedings of the 32nd ACM Symposium on Principles of Programming Languages},
 year = {2005},
} 

@inproceedings{Nikiforakis:2012:YYI:2382196.2382274,
 author = {Nikiforakis, Nick and Invernizzi, Luca and Kapravelos, Alexandros and Van Acker, Steven and Joosen, Wouter and Kruegel, Christopher and Piessens, Frank and Vigna, Giovanni},
 title = {{You Are What You Include: Large-Scale Evaluation of Remote JavaScript Inclusions}},
 booktitle = {Proceedings of the 2012 ACM Conference on Computer and Communications Security},
 year = {2012}
} 

@inproceedings{Somorovsky:2012:BSW:2362793.2362814,
 author = {Somorovsky, Juraj and Mayer, Andreas and Schwenk, J\"{o}rg and Kampmann, Marco and Jensen, Meiko},
 title = {{On Breaking SAML: Be Whoever You Want to Be}},
 booktitle = {Proceedings of the 21st USENIX Security Symposium},
 year = {2012},
} 

@inproceedings{ExplicatingSDKs,
 author = {Rui, Wang and Yuchen, Zhou and Shuo, Chen and Shaz, Qadeer and David, Evans and Yuri, Gurevich},
 title = {{Explicating SDKs: Uncovering Assumptions Underlying Secure Authentication and Authorization}},
 booktitle = {Proceedings of the 22nd USENIX Security Symposium},
 year = {2013},
} 

@MISC{HTML5Sandbox,
 author = {Ian Hickson},
 howpublished = {\url{http://www.whatwg.org/specs/web-apps/current-work/#attr-iframe-sandbox}},
 title = {{HTML5 Specification Adding Sandbox Attribute}},
}

@MISC{WebWorkers,
  author = {Ian Hickson},
  title = "{Web Workers in HTML5 Standard}",
  howpublished="\url{http://www.whatwg.org/specs/web-workers/current-work/}"
}

@MISC{Poirot,
  author = {Microsoft Research},
  title = "{Poirot: The Concurrency Sleuth.}",
  howpublished="\url{http://research. microsoft.com/en-us/projects/poirot/}"
}

@inproceedings{Adnostic,
    author = {Vincent Toubiana and Helen Nissenbaum and Arvind Narayanan and Solon Barocas and Dan Boneh},
    title = {{Adnostic: Privacy Preserving Targeted Advertising}},
    booktitle ={{Proceedings of the 17th Network and Distributed System Security Symposium}},
    year = {2010}
}

@inproceedings{RePriv,
  title        = {{RePriv: Re-Envisioning In-Browser Privacy}},
  author       = {Matthew Fredrikson and Benjamin Livshits},
  year         = 2011,
  booktitle    = {{IEEE Symposium on Security and Privacy}},
}

@inproceedings{extension,
    Author = {Barth, Adam and Felt, Adrienne Porter and Saxena, Prateek and Boodman, Aaron},
    Title = {{Protecting Browsers from Extension Vulnerabilities}},
    booktitle ={{Proceedings of the 17th Network and Distributed System Security Symposium}},
    Year = {2010}
}

@inproceedings{Conscript,
 author = {Leo A. Meyerovich and Benjamin Livshits},
 title = {{ConScript: Specifying and Enforcing Fine-Grained Security Policies for JavaScript in the Browser}},
 booktitle ={{Proceedings of the 31st IEEE Symposium on Security and Privacy}},
 year = {2010},
}

@article{LeGoues:2012:MCQ:2122269.2122550,
 author = {Le Goues, Claire and Weimer, Westley},
 title = {{Measuring Code Quality to Improve Specification Mining}},
 journal = {IEEE Trans. Softw. Eng.},
 issue_date = {January 2012},
 volume = {38},
 number = {1},
 month = jan,
 year = {2012},
 issn = {0098-5589},
 pages = {175--190},
 numpages = {16},
 url = {http://dx.doi.org/10.1109/TSE.2011.5},
 doi = {10.1109/TSE.2011.5},
 acmid = {2122550},
 publisher = {IEEE Press},
 address = {Piscataway, NJ, USA},
 keywords = {Specification mining, machine learning, software engineering, code metrics, program understanding.},
} 

@inproceedings{Weimer05miningtemporal,
 author = {Weimer, Westley and Necula, George C.},
 title = {{Mining Temporal Specifications for Error Detection}},
 booktitle = {Proceedings of the 11th International Conference on Tools and Algorithms for the Construction and Analysis of Systems},
 year = {2005}
} 

@inproceedings{Zhou:2011:PPW:2041225.2041231,
 author = {Zhou, Yuchen and Evans, David},
 title = {Protecting private web content from embedded scripts},
 booktitle = {Proceedings of the 16th European conference on Research in computer security},
 series = {ESORICS'11},
 year = {2011},
 isbn = {978-3-642-23821-5},
 location = {Leuven, Belgium},
 pages = {60--79},
 numpages = {20},
 url = {http://dl.acm.org/citation.cfm?id=2041225.2041231},
 acmid = {2041231},
 publisher = {Springer-Verlag},
 address = {Berlin, Heidelberg},
} 

@inproceedings{Yang:2004:DIT:996821.996832,
 author = {Yang, Jinlin and Evans, David},
 title = {{Dynamically Inferring Temporal Properties}},
 booktitle = {Proceedings of the 5th ACM SIGPLAN-SIGSOFT Workshop on Program Analysis for Software Tools and Engineering},
 year = {2004},
} 

@inproceedings{Yang:2006:PMT:1134285.1134325,
 author = {Yang, Jinlin and Evans, David and Bhardwaj, Deepali and Bhat, Thirumalesh and Das, Manuvir},
 title = {{Perracotta: Mining Temporal API Rules from Imperfect Traces}},
 booktitle = {Proceedings of the 28th International Conference on Software Engineering},
 year = {2006},
} 

@INPROCEEDINGS{Abadi97acalculus,
    author = {Martin Abadi and Andrew D. Gordon},
    title = {{A Calculus for Cryptographic Protocols: The SPI Calculus}},
    booktitle = {Proceedings of the 4th ACM Conference on Computer and Communications Security},
    year = {1997},
}

@INPROCEEDINGS{Cook:2006:TPS:1133255.1134029,
    author = {Byron Cook and Andreas Podelski and Andrey Rybalchenko},
    title = {{Termination Proofs for Systems Code}},
    booktitle = {Proceedings of the 27th ACM SIGPLAN Conference on Programming Language Design and Implementation},
    year = {2006}
}

@inproceedings{Cadar:2005:EGT:2156342.2156345,
 author = {Cadar, Cristian and Engler, Dawson},
 title = {{Execution Generated Test Cases: How to Make Systems Code Crash Itself}},
 booktitle = {Proceedings of the 12th International Conference on Model Checking Software},
 year = {2005}
} 

@inproceedings{Cadar:2006:EAG:1180405.1180445,
 author = {Cadar, Cristian and Ganesh, Vijay and Pawlowski, Peter M. and Dill, David L. and Engler, Dawson R.},
 title = {{EXE: Automatically Generating Inputs of Death}},
 booktitle = {Proceedings of the 13th ACM Conference on Computer and Communications Security},
 year = {2006}
} 

@inproceedings{Cadar:2008:KUA:1855741.1855756,
 author = {Cadar, Cristian and Dunbar, Daniel and Engler, Dawson},
 title = {{KLEE: Unassisted and Automatic Generation of High-Coverage Tests for Complex Systems Programs}},
 booktitle = {Proceedings of the 8th USENIX Conference on Operating Systems Design and Implementation},
 year = {2008},
}

@inproceedings{Agten:2012:JCC:2420950.2420952,
 author = {Agten, Pieter and Van Acker, Steven and Brondsema, Yoran and Phung, Phu H. and Desmet, Lieven and Piessens, Frank},
 title = {{JSand: Complete Client-Side Sandboxing of Third-party JavaScript without Browser Modifications}},
 booktitle = {Proceedings of the 28th Annual Computer Security Applications Conference},
 year = {2012},
} 

@inproceedings{Finifter_preventingcapability,
    author = {Matthew Finifter and Joel Weinberger and Adam Barth},
    title = {{Preventing Capability Leaks in Secure JavaScript Subsets}},
		booktitle = {{Proceedings of the 17th Network and Distributed System Security Symposium}},
    year = {2010}
}

@article{Evans:2002:ISU:624647.626359,
 author = {Evans, David and Larochelle, David},
 title = {{Improving Security Using Extensible Lightweight Static Analysis}},
 journal = {Software, IEEE},
 issue_date = {January 2002},
 volume = {19},
 number = {1},
 month = jan,
 year = {2002},
 issn = {0740-7459},
 pages = {42--51},
 numpages = {10},
 url = {http://dx.doi.org/10.1109/52.976940},
 doi = {10.1109/52.976940},
 acmid = {626359},
 publisher = {IEEE Computer Society Press},
 address = {Los Alamitos, CA, USA},
}

@MISC{OpenID,
  author = {{OpenID Foundation}},
  title = "{{OpenID Foundation Website}}",
  howpublished="\url{http://openid.net/}"
}

@MISC{DropboxAPI,
  author = {{Dropbox team}},
  title = "{{Dropbox - Developers}}",
  howpublished="\url{https://www.dropbox.com/developers}"
}

@MISC{PusherAPI,
  author = {{Pusher Ltd.}},
  title = "{{Pusher, HTML5 WebSocket Powered Realtime Messaging Service}}",
  howpublished="\url{http://pusher.com/}"
}

@inproceedings{Devriese:2010:NTS:1849417.1849969,
 author = {Devriese, Dominique and Piessens, Frank},
 title = {{Noninterference through Secure Multi-execution}},
 booktitle = {Proceedings of the 31st IEEE Symposium on Security and Privacy},
 year = {2010}
} 

@inproceedings{Dong:2011:ACF:2076732.2076774,
 author = {Dong, Xinshu and Tran, Minh and Liang, Zhenkai and Jiang, Xuxian},
 title = {{AdSentry: Comprehensive and Flexible Confinement of JavaScript-based Advertisements}},
 booktitle = {Proceedings of the 27th Annual Computer Security Applications Conference},
 year = {2011}
} 

@inproceedings{DeGroef:2012:FWB:2382196.2382275,
 author = {De Groef, Willem and Devriese, Dominique and Nikiforakis, Nick and Piessens, Frank},
 title = {{FlowFox: A Web Browser with Flexible and Precise Information Flow Control}},
 booktitle = {Proceedings of the 19th ACM conference on Computer and Communications Security},
 year = {2012},
} 

@inproceedings{Vikram:2009:RAS:1653662.1653685,
 author = {Vikram, K. and Prateek, Abhishek and Livshits, Benjamin},
 title = {{Ripley: Automatically Securing Web 2.0 Applications through Replicated Execution}},
 booktitle = {Proceedings of the 16th ACM conference on Computer and Communications Security},
 year = {2009},
} 

@article{Miller:1990:ESR:96267.96279,
 author = {Miller, Barton P. and Fredriksen, Louis and So, Bryan},
 title = {{An Empirical Study of the Reliability of UNIX Utilities}},
 journal = {Communication. ACM},
 issue_date = {Dec. 1990},
 volume = {33},
 number = {12},
 month = dec,
 year = {1990},
 issn = {0001-0782},
 pages = {32--44},
 numpages = {13},
 url = {http://doi.acm.org/10.1145/96267.96279},
 doi = {10.1145/96267.96279},
 acmid = {96279},
 publisher = {ACM},
 address = {New York, NY, USA},
} 

@inproceedings{Capizzi:2008:PIL:1468162.1468220,
 author = {Capizzi, Roberto and Longo, Antonio and Venkatakrishnan, V. N. and Sistla, A. Prasad},
 title = {{Preventing Information Leaks through Shadow Executions}},
 booktitle = {Proceedings of the 24th Annual Computer Security Applications Conference},
 year = {2008}
} 

@MISC{MashupDef,
  author = {{Wikipedia}},
  title = "{{Mashup (Web Application Hybrid)}}",
  howpublished="\url{http://en.wikipedia.org/wiki/Mashup_(web_application_hybrid)/}"
}

@MISC{SOP,
  author = {{Wikipedia}},
  title = "{{Same-Origin Policy}}",
  howpublished="\url{http://en.wikipedia.org/wiki/Same-origin_policy}"
}

@MISC{OAuth2.0,
  author = {{Internet Engineering Task Force}},
  title = "{{The OAuth 2.0 Authorization Framework}}",
  howpublished="\url{http://tools.ietf.org/html/rfc6749}"
}

@inproceedings{Gill:2013:BPF:2504730.2504768,
 author = {Gill, Phillipa and Erramilli, Vijay and Chaintreau, Augustin and Krishnamurthy, Balachander and Papagiannaki, Konstantina and Rodriguez, Pablo},
 title = {{Follow the Money: Understanding Economics of Online Aggregation and Advertising}},
 booktitle = {Proceedings of the 2013 Internet Measurement Conference},
 year = {2013}
} 

@inproceedings{Chen:2002:SD:647253.720278,
 author = {Chen, Hao and Wagner, David and Dean, Drew},
 title = {{Setuid Demystified}},
 booktitle = {Proceedings of the 11th USENIX Security Symposium},
 year = {2002}
} 

@inproceedings{Georgiev:2012:MDC:2382196.2382204,
 author = {Georgiev, Martin and Iyengar, Subodh and Jana, Suman and Anubhai, Rishita and Boneh, Dan and Shmatikov, Vitaly},
 title = {{The Most Dangerous Code in the World: Validating SSL Certificates in Non-Browser Software}},
 booktitle = {Proceedings of the 2012 ACM Conference on Computer and Communications Security},
 year = {2012}
} 

@inproceedings{Blanchet:2001:ECP:872752.873511,
 author = {Blanchet, Bruno},
 title = {{An Efficient Cryptographic Protocol Verifier Based on Prolog Rules}},
 booktitle = {Proceedings of the 14th IEEE Workshop on Computer Security Foundations},
 year = {2001}
} 

@MISC{LiveConnectDoc,
  author = {{Microsoft}},
  title = "{{Microsoft. Live SDK developer guide - Signing users in}}",
  howpublished="\url{http://msdn.microsoft.com/en-us/library/live/hh243641#signin/}"
}

@MISC{OAuthVulBlogPost,
  author = {{John Bradley}},
  title = "{{Posts about Federated Identity and Security Issues}}",
  howpublished="\url{http://www.thread-safe.com/2012/01/problem-with-oauth-for-authentication.html}"
}

@inproceedings{Lal:2012:SRM:2362216.2362257,
 author = {Lal, Akash and Qadeer, Shaz and Lahiri, Shuvendu K.},
 title = {{A Solver for Reachability Modulo Theories}},
 booktitle = {Proceedings of the 24th International Conference on Computer Aided Verification},
 year = {2012}
} 

@MISC{Boogie,
  author = {{Microsoft Research}},
  title = "{{Boogie: An Intermediate Verification Language}}",
  howpublished="\url{http://research.microsoft.com/en-us/projects/boogie/}"
}
